<record><leader>00000cas a22000007a 4500</leader><controlfield tag="001">15681768</controlfield><controlfield tag="008">870513d18991921iauwr ne      0    0eng d</controlfield><datafield ind1=" " ind2=" " tag="010"><subfield code="a">sn 87058227 </subfield></datafield><datafield ind1=" " ind2=" " tag="040"><subfield code="a">INP</subfield><subfield code="b">eng</subfield><subfield code="c">INP</subfield><subfield code="d">OCLCQ</subfield></datafield><datafield ind1=" " ind2=" " tag="042"><subfield code="a">msc</subfield></datafield><datafield ind1="0" ind2="4" tag="245"><subfield code="a">The Wilton advocate and review.</subfield></datafield><datafield ind1="3" ind2="0" tag="246"><subfield code="a">Wilton advocate review</subfield></datafield><datafield ind1=" " ind2=" " tag="260"><subfield code="a">Wilton Junction, Iowa :</subfield><subfield code="b">W.P. Pierret,</subfield><subfield code="c">-1921.</subfield></datafield><datafield ind1=" " ind2=" " tag="300"><subfield code="a">v.</subfield></datafield><datafield ind1=" " ind2=" " tag="310"><subfield code="a">Weekly</subfield></datafield><datafield ind1="1" ind2=" " tag="362"><subfield code="a">Began in 1899.</subfield></datafield><datafield ind1="0" ind2=" " tag="362"><subfield code="a">-v. 27, no. 20 (Sept. 1, 1921).</subfield></datafield><datafield ind1=" " ind2=" " tag="500"><subfield code="a">Wilton, Iowa, also called Wilton Junction, Iowa.</subfield></datafield><datafield ind1=" " ind2=" " tag="588"><subfield code="a">Description based on: Vol. 18, no. 20 (Aug. 17, 1912).</subfield></datafield><datafield ind1=" " ind2=" " tag="752"><subfield code="a">United States</subfield><subfield code="b">Iowa</subfield><subfield code="c">Muscatine</subfield><subfield code="d">Wilton.</subfield></datafield><datafield ind1=" " ind2=" " tag="752"><subfield code="a">United States</subfield><subfield code="b">Iowa</subfield><subfield code="c">Muscatine</subfield><subfield code="d">Wilton Junction.</subfield></datafield><datafield ind1="0" ind2="4" tag="780"><subfield code="t">Wilton advocate (Wilton, Iowa : 1893)</subfield></datafield><datafield ind1="0" ind2="4" tag="780"><subfield code="t">Wilton review</subfield><subfield code="w">(DLC)sn 84038606</subfield></datafield><datafield ind1="0" ind2="0" tag="785"><subfield code="t">Wilton advocate (Wilton, Iowa : 1921)</subfield><subfield code="w">(DLC)sn 87058228</subfield></datafield></record>